<?xml version="1.0" encoding="UTF-8"?><collection xmlns="http://www.loc.gov/MARC21/slim"><record><leader>00566nam--2200193-i-4500</leader><controlfield tag="001">000028528</controlfield><controlfield tag="002">20161230</controlfield><controlfield tag="005">20161230201037</controlfield><controlfield tag="008">060222s1000------------r-----000-0-fre-d</controlfield><datafield ind1=" " ind2=" " tag="040"><subfield code="a">IFIN-HH</subfield></datafield><datafield ind1=" " ind2=" " tag="041"><subfield code="a">fre</subfield></datafield><datafield ind1=" " ind2=" " tag="080"><subfield code="a">539.1</subfield></datafield><datafield ind1="1" ind2=" " tag="100"><subfield code="a">Langevin, Paul</subfield></datafield><datafield ind1="1" ind2="0" tag="245"><subfield code="a">La notation de corpuscules et d`atomes. reunion international de chimie-physique 1933, xvi</subfield><subfield code="c">Paul langevin</subfield></datafield><datafield ind1=" " ind2=" " tag="260"><subfield code="a">Paris</subfield><subfield code="b">Hermann Et C-ie, Editeurs</subfield><subfield code="c">1934</subfield></datafield><datafield ind1=" " ind2=" " tag="300"><subfield code="a">47P</subfield></datafield><datafield ind1=" " ind2=" " tag="490"><subfield code="a">Actualites Scientifiques Et Industrielles</subfield></datafield><datafield ind1=" " ind2=" " tag="852"><subfield code="a">44406</subfield><subfield code="c">H.H</subfield></datafield><datafield ind1=" " ind2=" " tag="CAT"><subfield code="a">Sys</subfield><subfield code="c">20130402</subfield><subfield code="h">164349</subfield></datafield></record></collection>